%YAML 1.1
%TAG !u! tag:unity3d.com,2011:
--- !u!1 &3170766024498998268
GameObject:
  m_ObjectHideFlags: 0
  m_CorrespondingSourceObject: {fileID: 0}
  m_PrefabInstance: {fileID: 0}
  m_PrefabAsset: {fileID: 0}
  serializedVersion: 6
  m_Component:
  - component: {fileID: 3170766024498998269}
  - component: {fileID: 1205887736245866940}
  - component: {fileID: 8272654931131364278}
  - component: {fileID: -8492212540745733742}
  m_Layer: 2
  m_Name: Missile 1
  m_TagString: Untagged
  m_Icon: {fileID: 0}
  m_NavMeshLayer: 0
  m_StaticEditorFlags: 0
  m_IsActive: 1
--- !u!4 &3170766024498998269
Transform:
  m_ObjectHideFlags: 0
  m_CorrespondingSourceObject: {fileID: 0}
  m_PrefabInstance: {fileID: 0}
  m_PrefabAsset: {fileID: 0}
  m_GameObject: {fileID: 3170766024498998268}
  m_LocalRotation: {x: 0, y: 0, z: 0, w: 1}
  m_LocalPosition: {x: 0, y: 0, z: 0}
  m_LocalScale: {x: 2, y: 2, z: 2}
  m_Children:
  - {fileID: 7600499645875868218}
  - {fileID: 6265201575312242456}
  m_Father: {fileID: 0}
  m_RootOrder: 0
  m_LocalEulerAnglesHint: {x: 0, y: 0, z: 0}
--- !u!54 &1205887736245866940
Rigidbody:
  m_ObjectHideFlags: 0
  m_CorrespondingSourceObject: {fileID: 0}
  m_PrefabInstance: {fileID: 0}
  m_PrefabAsset: {fileID: 0}
  m_GameObject: {fileID: 3170766024498998268}
  serializedVersion: 2
  m_Mass: 1
  m_Drag: 0
  m_AngularDrag: 0.05
  m_UseGravity: 0
  m_IsKinematic: 0
  m_Interpolate: 0
  m_Constraints: 0
  m_CollisionDetection: 0
--- !u!114 &8272654931131364278
MonoBehaviour:
  m_ObjectHideFlags: 0
  m_CorrespondingSourceObject: {fileID: 0}
  m_PrefabInstance: {fileID: 0}
  m_PrefabAsset: {fileID: 0}
  m_GameObject: {fileID: 3170766024498998268}
  m_Enabled: 1
  m_EditorHideFlags: 0
  m_Script: {fileID: 11500000, guid: 788d6af7c3d279c438b20856ddfb2478, type: 3}
  m_Name: 
  m_EditorClassIdentifier: 
  explosionSFX: {fileID: 8300000, guid: 9a3dc7972fecddb42b63bfbbc86cb150, type: 3}
  MissileModel: {fileID: 6854830409142706217}
  explosionprefab: {fileID: 100014, guid: 5332791ebce075d4a9e56f4581e7fb47, type: 3}
  g_Target: {fileID: 0}
  shooter: {fileID: 0}
  TrackingRotation: 10
  MissileSpeed: 40
  flightTime: 10
--- !u!82 &-8492212540745733742
AudioSource:
  m_ObjectHideFlags: 0
  m_CorrespondingSourceObject: {fileID: 0}
  m_PrefabInstance: {fileID: 0}
  m_PrefabAsset: {fileID: 0}
  m_GameObject: {fileID: 3170766024498998268}
  m_Enabled: 1
  serializedVersion: 4
  OutputAudioMixerGroup: {fileID: 0}
  m_audioClip: {fileID: 0}
  m_PlayOnAwake: 0
  m_Volume: 1
  m_Pitch: 1
  Loop: 0
  Mute: 0
  Spatialize: 0
  SpatializePostEffects: 0
  Priority: 128
  DopplerLevel: 0
  MinDistance: 10
  MaxDistance: 500
  Pan2D: 0
  rolloffMode: 0
  BypassEffects: 0
  BypassListenerEffects: 0
  BypassReverbZones: 0
  rolloffCustomCurve:
    serializedVersion: 2
    m_Curve:
    - serializedVersion: 3
      time: 0
      value: 1
      inSlope: 0
      outSlope: 0
      tangentMode: 0
      weightedMode: 0
      inWeight: 0.33333334
      outWeight: 0.33333334
    - serializedVersion: 3
      time: 1
      value: 0
      inSlope: 0
      outSlope: 0
      tangentMode: 0
      weightedMode: 0
      inWeight: 0.33333334
      outWeight: 0.33333334
    m_PreInfinity: 2
    m_PostInfinity: 2
    m_RotationOrder: 4
  panLevelCustomCurve:
    serializedVersion: 2
    m_Curve:
    - serializedVersion: 3
      time: 0
      value: 1
      inSlope: 0
      outSlope: 0
      tangentMode: 0
      weightedMode: 0
      inWeight: 0.33333334
      outWeight: 0.33333334
    m_PreInfinity: 2
    m_PostInfinity: 2
    m_RotationOrder: 4
  spreadCustomCurve:
    serializedVersion: 2
    m_Curve:
    - serializedVersion: 3
      time: 0
      value: 0
      inSlope: 0
      outSlope: 0
      tangentMode: 0
      weightedMode: 0
      inWeight: 0.33333334
      outWeight: 0.33333334
    m_PreInfinity: 2
    m_PostInfinity: 2
    m_RotationOrder: 4
  reverbZoneMixCustomCurve:
    serializedVersion: 2
    m_Curve:
    - serializedVersion: 3
      time: 0
      value: 0
      inSlope: 0
      outSlope: 0
      tangentMode: 0
      weightedMode: 0
      inWeight: 0.33333334
      outWeight: 0.33333334
    m_PreInfinity: 2
    m_PostInfinity: 2
    m_RotationOrder: 4
--- !u!64 &5482429794067967524
MeshCollider:
  m_ObjectHideFlags: 0
  m_CorrespondingSourceObject: {fileID: 0}
  m_PrefabInstance: {fileID: 0}
  m_PrefabAsset: {fileID: 0}
  m_GameObject: {fileID: 6854830409142706217}
  m_Material: {fileID: 0}
  m_IsTrigger: 0
  m_Enabled: 1
  serializedVersion: 3
  m_Convex: 1
  m_CookingOptions: 14
  m_Mesh: {fileID: -7589434068316327397, guid: 9d0644fb71978be4aaf5b480b5ea0df9, type: 3}
--- !u!1001 &3170766023214610003
PrefabInstance:
  m_ObjectHideFlags: 0
  serializedVersion: 2
  m_Modification:
    m_TransformParent: {fileID: 3170766024498998269}
    m_Modifications:
    - target: {fileID: 8859325134526316886, guid: 7891e76a0513e884ba6744665d8f298f,
        type: 3}
      propertyPath: m_Name
      value: Engine
      objectReference: {fileID: 0}
    - target: {fileID: 8859325134526316886, guid: 7891e76a0513e884ba6744665d8f298f,
        type: 3}
      propertyPath: m_Layer
      value: 2
      objectReference: {fileID: 0}
    - target: {fileID: 8859325134526316875, guid: 7891e76a0513e884ba6744665d8f298f,
        type: 3}
      propertyPath: m_LocalPosition.x
      value: 0
      objectReference: {fileID: 0}
    - target: {fileID: 8859325134526316875, guid: 7891e76a0513e884ba6744665d8f298f,
        type: 3}
      propertyPath: m_LocalPosition.y
      value: 0
      objectReference: {fileID: 0}
    - target: {fileID: 8859325134526316875, guid: 7891e76a0513e884ba6744665d8f298f,
        type: 3}
      propertyPath: m_LocalPosition.z
      value: -0.106
      objectReference: {fileID: 0}
    - target: {fileID: 8859325134526316875, guid: 7891e76a0513e884ba6744665d8f298f,
        type: 3}
      propertyPath: m_LocalRotation.x
      value: 0
      objectReference: {fileID: 0}
    - target: {fileID: 8859325134526316875, guid: 7891e76a0513e884ba6744665d8f298f,
        type: 3}
      propertyPath: m_LocalRotation.y
      value: 0
      objectReference: {fileID: 0}
    - target: {fileID: 8859325134526316875, guid: 7891e76a0513e884ba6744665d8f298f,
        type: 3}
      propertyPath: m_LocalRotation.z
      value: 0
      objectReference: {fileID: 0}
    - target: {fileID: 8859325134526316875, guid: 7891e76a0513e884ba6744665d8f298f,
        type: 3}
      propertyPath: m_LocalRotation.w
      value: 1
      objectReference: {fileID: 0}
    - target: {fileID: 8859325134526316875, guid: 7891e76a0513e884ba6744665d8f298f,
        type: 3}
      propertyPath: m_RootOrder
      value: 1
      objectReference: {fileID: 0}
    - target: {fileID: 8859325134526316875, guid: 7891e76a0513e884ba6744665d8f298f,
        type: 3}
      propertyPath: m_LocalEulerAnglesHint.x
      value: 0
      objectReference: {fileID: 0}
    - target: {fileID: 8859325134526316875, guid: 7891e76a0513e884ba6744665d8f298f,
        type: 3}
      propertyPath: m_LocalEulerAnglesHint.y
      value: 0
      objectReference: {fileID: 0}
    - target: {fileID: 8859325134526316875, guid: 7891e76a0513e884ba6744665d8f298f,
        type: 3}
      propertyPath: m_LocalEulerAnglesHint.z
      value: 0
      objectReference: {fileID: 0}
    - target: {fileID: 8859325134526316875, guid: 7891e76a0513e884ba6744665d8f298f,
        type: 3}
      propertyPath: m_LocalScale.x
      value: 0.5022184
      objectReference: {fileID: 0}
    - target: {fileID: 8859325134526316875, guid: 7891e76a0513e884ba6744665d8f298f,
        type: 3}
      propertyPath: m_LocalScale.y
      value: 0.5022184
      objectReference: {fileID: 0}
    - target: {fileID: 8859325134526316875, guid: 7891e76a0513e884ba6744665d8f298f,
        type: 3}
      propertyPath: m_LocalScale.z
      value: 0.5449802
      objectReference: {fileID: 0}
    - target: {fileID: 8859325134526316873, guid: 7891e76a0513e884ba6744665d8f298f,
        type: 3}
      propertyPath: m_Materials.Array.data[1]
      value: 
      objectReference: {fileID: 10306, guid: 0000000000000000f000000000000000, type: 0}
    - target: {fileID: 8859325134526316872, guid: 7891e76a0513e884ba6744665d8f298f,
        type: 3}
      propertyPath: ShapeModule.m_Scale.x
      value: 0.2
      objectReference: {fileID: 0}
    - target: {fileID: 8859325134526316872, guid: 7891e76a0513e884ba6744665d8f298f,
        type: 3}
      propertyPath: ShapeModule.m_Scale.y
      value: 0.2
      objectReference: {fileID: 0}
    - target: {fileID: 8859325134526316872, guid: 7891e76a0513e884ba6744665d8f298f,
        type: 3}
      propertyPath: ShapeModule.m_Scale.z
      value: 0.2
      objectReference: {fileID: 0}
    - target: {fileID: 8859325134526316872, guid: 7891e76a0513e884ba6744665d8f298f,
        type: 3}
      propertyPath: EmissionModule.rateOverTime.scalar
      value: 30
      objectReference: {fileID: 0}
    - target: {fileID: 8859325134526316872, guid: 7891e76a0513e884ba6744665d8f298f,
        type: 3}
      propertyPath: InitialModule.startColor.maxColor.r
      value: 1
      objectReference: {fileID: 0}
    - target: {fileID: 8859325134526316872, guid: 7891e76a0513e884ba6744665d8f298f,
        type: 3}
      propertyPath: InitialModule.startColor.maxColor.g
      value: 0.7070736
      objectReference: {fileID: 0}
    - target: {fileID: 8859325134526316872, guid: 7891e76a0513e884ba6744665d8f298f,
        type: 3}
      propertyPath: InitialModule.startColor.maxColor.b
      value: 0
      objectReference: {fileID: 0}
    - target: {fileID: 8859325134526316872, guid: 7891e76a0513e884ba6744665d8f298f,
        type: 3}
      propertyPath: ColorModule.gradient.maxGradient.key0.r
      value: 1
      objectReference: {fileID: 0}
    - target: {fileID: 8859325134526316872, guid: 7891e76a0513e884ba6744665d8f298f,
        type: 3}
      propertyPath: ColorModule.gradient.maxGradient.key0.g
      value: 0
      objectReference: {fileID: 0}
    - target: {fileID: 8859325134526316872, guid: 7891e76a0513e884ba6744665d8f298f,
        type: 3}
      propertyPath: ColorModule.gradient.maxGradient.key0.b
      value: 0
      objectReference: {fileID: 0}
    - target: {fileID: 8859325134526316872, guid: 7891e76a0513e884ba6744665d8f298f,
        type: 3}
      propertyPath: ColorModule.gradient.maxGradient.key1.r
      value: 1
      objectReference: {fileID: 0}
    - target: {fileID: 8859325134526316872, guid: 7891e76a0513e884ba6744665d8f298f,
        type: 3}
      propertyPath: ColorModule.gradient.maxGradient.key1.g
      value: 0.7104239
      objectReference: {fileID: 0}
    - target: {fileID: 8859325134526316872, guid: 7891e76a0513e884ba6744665d8f298f,
        type: 3}
      propertyPath: ColorModule.gradient.maxGradient.key1.b
      value: 0.24264705
      objectReference: {fileID: 0}
    - target: {fileID: 8859325134526316872, guid: 7891e76a0513e884ba6744665d8f298f,
        type: 3}
      propertyPath: ColorModule.gradient.maxGradient.key2.r
      value: 1
      objectReference: {fileID: 0}
    - target: {fileID: 8859325134526316872, guid: 7891e76a0513e884ba6744665d8f298f,
        type: 3}
      propertyPath: ColorModule.gradient.maxGradient.key2.g
      value: 1
      objectReference: {fileID: 0}
    - target: {fileID: 8859325134526316872, guid: 7891e76a0513e884ba6744665d8f298f,
        type: 3}
      propertyPath: ColorModule.gradient.maxGradient.key2.b
      value: 0.5367647
      objectReference: {fileID: 0}
    - target: {fileID: 8859325134526316872, guid: 7891e76a0513e884ba6744665d8f298f,
        type: 3}
      propertyPath: ColorModule.gradient.maxGradient.ctime1
      value: 23516
      objectReference: {fileID: 0}
    - target: {fileID: 8859325134526316872, guid: 7891e76a0513e884ba6744665d8f298f,
        type: 3}
      propertyPath: ColorModule.gradient.maxGradient.ctime2
      value: 43369
      objectReference: {fileID: 0}
    - target: {fileID: 8859325134526316872, guid: 7891e76a0513e884ba6744665d8f298f,
        type: 3}
      propertyPath: ColorModule.gradient.maxGradient.ctime3
      value: 65535
      objectReference: {fileID: 0}
    - target: {fileID: 8859325134526316872, guid: 7891e76a0513e884ba6744665d8f298f,
        type: 3}
      propertyPath: ColorModule.gradient.maxGradient.m_NumColorKeys
      value: 4
      objectReference: {fileID: 0}
    - target: {fileID: 8859325134526316872, guid: 7891e76a0513e884ba6744665d8f298f,
        type: 3}
      propertyPath: lengthInSec
      value: 1
      objectReference: {fileID: 0}
    - target: {fileID: 8859325134526316872, guid: 7891e76a0513e884ba6744665d8f298f,
        type: 3}
      propertyPath: moveWithTransform
      value: 0
      objectReference: {fileID: 0}
    - target: {fileID: 8859325134526316872, guid: 7891e76a0513e884ba6744665d8f298f,
        type: 3}
      propertyPath: TrailModule.enabled
      value: 0
      objectReference: {fileID: 0}
    - target: {fileID: 8859325134526316872, guid: 7891e76a0513e884ba6744665d8f298f,
        type: 3}
      propertyPath: TrailModule.mode
      value: 1
      objectReference: {fileID: 0}
    - target: {fileID: 8859325134526316872, guid: 7891e76a0513e884ba6744665d8f298f,
        type: 3}
      propertyPath: prewarm
      value: 1
      objectReference: {fileID: 0}
    - target: {fileID: 8859325134526316872, guid: 7891e76a0513e884ba6744665d8f298f,
        type: 3}
      propertyPath: ShapeModule.type
      value: 16
      objectReference: {fileID: 0}
    - target: {fileID: 8859325134526316872, guid: 7891e76a0513e884ba6744665d8f298f,
        type: 3}
      propertyPath: SizeModule.curve.maxCurve.m_Curve.Array.data[0].value
      value: 0.43243217
      objectReference: {fileID: 0}
    - target: {fileID: 8859325134526316872, guid: 7891e76a0513e884ba6744665d8f298f,
        type: 3}
      propertyPath: SizeModule.curve.maxCurve.m_Curve.Array.data[0].inSlope
      value: 0.6404861
      objectReference: {fileID: 0}
    - target: {fileID: 8859325134526316872, guid: 7891e76a0513e884ba6744665d8f298f,
        type: 3}
      propertyPath: SizeModule.curve.maxCurve.m_Curve.Array.data[0].outSlope
      value: 0.6404861
      objectReference: {fileID: 0}
    - target: {fileID: 8859325134526316872, guid: 7891e76a0513e884ba6744665d8f298f,
        type: 3}
      propertyPath: SizeModule.curve.maxCurve.m_Curve.Array.data[0].outWeight
      value: 0.10549451
      objectReference: {fileID: 0}
    - target: {fileID: 8859325134526316872, guid: 7891e76a0513e884ba6744665d8f298f,
        type: 3}
      propertyPath: ShapeModule.radiusThickness
      value: 1
      objectReference: {fileID: 0}
    m_RemovedComponents: []
  m_SourcePrefab: {fileID: 100100000, guid: 7891e76a0513e884ba6744665d8f298f, type: 3}
--- !u!4 &6265201575312242456 stripped
Transform:
  m_CorrespondingSourceObject: {fileID: 8859325134526316875, guid: 7891e76a0513e884ba6744665d8f298f,
    type: 3}
  m_PrefabInstance: {fileID: 3170766023214610003}
  m_PrefabAsset: {fileID: 0}
--- !u!1001 &3170766023530936608
PrefabInstance:
  m_ObjectHideFlags: 0
  serializedVersion: 2
  m_Modification:
    m_TransformParent: {fileID: 3170766024498998269}
    m_Modifications:
    - target: {fileID: -927199367670048503, guid: 9d0644fb71978be4aaf5b480b5ea0df9,
        type: 3}
      propertyPath: m_Name
      value: LowPolyMissile
      objectReference: {fileID: 0}
    - target: {fileID: -927199367670048503, guid: 9d0644fb71978be4aaf5b480b5ea0df9,
        type: 3}
      propertyPath: m_Layer
      value: 2
      objectReference: {fileID: 0}
    - target: {fileID: -4216859302048453862, guid: 9d0644fb71978be4aaf5b480b5ea0df9,
        type: 3}
      propertyPath: m_LocalPosition.x
      value: 0
      objectReference: {fileID: 0}
    - target: {fileID: -4216859302048453862, guid: 9d0644fb71978be4aaf5b480b5ea0df9,
        type: 3}
      propertyPath: m_LocalPosition.y
      value: 0
      objectReference: {fileID: 0}
    - target: {fileID: -4216859302048453862, guid: 9d0644fb71978be4aaf5b480b5ea0df9,
        type: 3}
      propertyPath: m_LocalPosition.z
      value: 0
      objectReference: {fileID: 0}
    - target: {fileID: -4216859302048453862, guid: 9d0644fb71978be4aaf5b480b5ea0df9,
        type: 3}
      propertyPath: m_LocalRotation.x
      value: 0
      objectReference: {fileID: 0}
    - target: {fileID: -4216859302048453862, guid: 9d0644fb71978be4aaf5b480b5ea0df9,
        type: 3}
      propertyPath: m_LocalRotation.y
      value: 0
      objectReference: {fileID: 0}
    - target: {fileID: -4216859302048453862, guid: 9d0644fb71978be4aaf5b480b5ea0df9,
        type: 3}
      propertyPath: m_LocalRotation.z
      value: 0
      objectReference: {fileID: 0}
    - target: {fileID: -4216859302048453862, guid: 9d0644fb71978be4aaf5b480b5ea0df9,
        type: 3}
      propertyPath: m_LocalRotation.w
      value: 1
      objectReference: {fileID: 0}
    - target: {fileID: -4216859302048453862, guid: 9d0644fb71978be4aaf5b480b5ea0df9,
        type: 3}
      propertyPath: m_RootOrder
      value: 0
      objectReference: {fileID: 0}
    - target: {fileID: -4216859302048453862, guid: 9d0644fb71978be4aaf5b480b5ea0df9,
        type: 3}
      propertyPath: m_LocalEulerAnglesHint.x
      value: 0
      objectReference: {fileID: 0}
    - target: {fileID: -4216859302048453862, guid: 9d0644fb71978be4aaf5b480b5ea0df9,
        type: 3}
      propertyPath: m_LocalEulerAnglesHint.y
      value: 0
      objectReference: {fileID: 0}
    - target: {fileID: -4216859302048453862, guid: 9d0644fb71978be4aaf5b480b5ea0df9,
        type: 3}
      propertyPath: m_LocalEulerAnglesHint.z
      value: 0
      objectReference: {fileID: 0}
    - target: {fileID: -4216859302048453862, guid: 9d0644fb71978be4aaf5b480b5ea0df9,
        type: 3}
      propertyPath: m_LocalScale.x
      value: 3
      objectReference: {fileID: 0}
    - target: {fileID: -4216859302048453862, guid: 9d0644fb71978be4aaf5b480b5ea0df9,
        type: 3}
      propertyPath: m_LocalScale.y
      value: 3
      objectReference: {fileID: 0}
    - target: {fileID: -4216859302048453862, guid: 9d0644fb71978be4aaf5b480b5ea0df9,
        type: 3}
      propertyPath: m_LocalScale.z
      value: 6
      objectReference: {fileID: 0}
    m_RemovedComponents: []
  m_SourcePrefab: {fileID: 100100000, guid: 9d0644fb71978be4aaf5b480b5ea0df9, type: 3}
--- !u!1 &6854830409142706217 stripped
GameObject:
  m_CorrespondingSourceObject: {fileID: -927199367670048503, guid: 9d0644fb71978be4aaf5b480b5ea0df9,
    type: 3}
  m_PrefabInstance: {fileID: 3170766023530936608}
  m_PrefabAsset: {fileID: 0}
--- !u!4 &7600499645875868218 stripped
Transform:
  m_CorrespondingSourceObject: {fileID: -4216859302048453862, guid: 9d0644fb71978be4aaf5b480b5ea0df9,
    type: 3}
  m_PrefabInstance: {fileID: 3170766023530936608}
  m_PrefabAsset: {fileID: 0}
