%YAML 1.1
%TAG !u! tag:unity3d.com,2011:
--- !u!1 &1818306517697762004
GameObject:
  m_ObjectHideFlags: 0
  m_CorrespondingSourceObject: {fileID: 0}
  m_PrefabInstance: {fileID: 0}
  m_PrefabAsset: {fileID: 0}
  serializedVersion: 6
  m_Component:
  - component: {fileID: 2215300920629020019}
  m_Layer: 9
  m_Name: Shot Point
  m_TagString: Untagged
  m_Icon: {fileID: 0}
  m_NavMeshLayer: 0
  m_StaticEditorFlags: 0
  m_IsActive: 1
--- !u!4 &2215300920629020019
Transform:
  m_ObjectHideFlags: 0
  m_CorrespondingSourceObject: {fileID: 0}
  m_PrefabInstance: {fileID: 0}
  m_PrefabAsset: {fileID: 0}
  m_GameObject: {fileID: 1818306517697762004}
  m_LocalRotation: {x: 0, y: 0, z: 0, w: 1}
  m_LocalPosition: {x: 0, y: -0.1, z: 1.82}
  m_LocalScale: {x: 1, y: 1, z: 1}
  m_Children: []
  m_Father: {fileID: 5735303576996129542}
  m_RootOrder: 1
  m_LocalEulerAnglesHint: {x: 0, y: 0, z: 0}
--- !u!1 &5735303576996129545
GameObject:
  m_ObjectHideFlags: 0
  m_CorrespondingSourceObject: {fileID: 0}
  m_PrefabInstance: {fileID: 0}
  m_PrefabAsset: {fileID: 0}
  serializedVersion: 6
  m_Component:
  - component: {fileID: 5735303576996129542}
  - component: {fileID: 5735303576996129540}
  - component: {fileID: 3788952122029351645}
  - component: {fileID: -1601456364984982369}
  - component: {fileID: 4551731458879063596}
  m_Layer: 9
  m_Name: TestVesselWModel
  m_TagString: Vessel
  m_Icon: {fileID: 0}
  m_NavMeshLayer: 0
  m_StaticEditorFlags: 0
  m_IsActive: 1
--- !u!4 &5735303576996129542
Transform:
  m_ObjectHideFlags: 0
  m_CorrespondingSourceObject: {fileID: 0}
  m_PrefabInstance: {fileID: 0}
  m_PrefabAsset: {fileID: 0}
  m_GameObject: {fileID: 5735303576996129545}
  m_LocalRotation: {x: 0, y: 0, z: 0, w: 1}
  m_LocalPosition: {x: 0, y: 0, z: 0}
  m_LocalScale: {x: 1, y: 1, z: 1}
  m_Children:
  - {fileID: 8929346443939232722}
  - {fileID: 2215300920629020019}
  - {fileID: 6346146170390116925}
  - {fileID: 8928135502039047060}
  - {fileID: 2977413248428999633}
  - {fileID: 3383236096517080961}
  - {fileID: 5251353630014750228}
  - {fileID: 8282074438867721395}
  - {fileID: 6104515476077500709}
  - {fileID: 993103078371954992}
  m_Father: {fileID: 0}
  m_RootOrder: 0
  m_LocalEulerAnglesHint: {x: 0, y: 0, z: 0}
--- !u!114 &5735303576996129540
MonoBehaviour:
  m_ObjectHideFlags: 0
  m_CorrespondingSourceObject: {fileID: 0}
  m_PrefabInstance: {fileID: 0}
  m_PrefabAsset: {fileID: 0}
  m_GameObject: {fileID: 5735303576996129545}
  m_Enabled: 1
  m_EditorHideFlags: 0
  m_Script: {fileID: 11500000, guid: 8ff0bd6e810fd0a4789cf28402069fbd, type: 3}
  m_Name: 
  m_EditorClassIdentifier: 
  missileLaunchSFX: {fileID: 0}
  vesselExplosionSFX: {fileID: 8300000, guid: f7ea931841594ba4f99179397b9cda75, type: 3}
  enemyLayer: 8
  ShotPrefab: {fileID: 3170766024498998268, guid: ddb03bef590520f4389d8a4aae57c7a7,
    type: 3}
  EmittionPoint: {fileID: 1818306517697762004}
  DeathPrefab: {fileID: 100006, guid: a49596ebf788acd4ab1281bffea444b1, type: 3}
  EnemyToAttack: {fileID: 0}
  underAttack: 0
  TargetPos: {x: 0, y: 0, z: 0}
  RotationSpeed: 0.2
  MovementSpeed: 200
  StopDistance: 10
  RoamCheckDelay: 0.5
  AttackDistance: 110
  AttackDamage: 11
  AttackRate: 3
  AttackType: 0
  VesselHealth: 350
  moveOrderGiven: 0
--- !u!114 &3788952122029351645
MonoBehaviour:
  m_ObjectHideFlags: 0
  m_CorrespondingSourceObject: {fileID: 0}
  m_PrefabInstance: {fileID: 0}
  m_PrefabAsset: {fileID: 0}
  m_GameObject: {fileID: 5735303576996129545}
  m_Enabled: 1
  m_EditorHideFlags: 0
  m_Script: {fileID: 11500000, guid: 8e14828967cfb254788a1940781a199b, type: 3}
  m_Name: 
  m_EditorClassIdentifier: 
  selectionUI: {fileID: 3848359561113086313, guid: 3579218225780a943a7b5bc58b90f817,
    type: 3}
--- !u!82 &-1601456364984982369
AudioSource:
  m_ObjectHideFlags: 0
  m_CorrespondingSourceObject: {fileID: 0}
  m_PrefabInstance: {fileID: 0}
  m_PrefabAsset: {fileID: 0}
  m_GameObject: {fileID: 5735303576996129545}
  m_Enabled: 1
  serializedVersion: 4
  OutputAudioMixerGroup: {fileID: 0}
  m_audioClip: {fileID: 8300000, guid: b8474ca8bde695a49a06a49c57e3a48c, type: 3}
  m_PlayOnAwake: 1
  m_Volume: 0.066
  m_Pitch: 1
  Loop: 1
  Mute: 0
  Spatialize: 0
  SpatializePostEffects: 0
  Priority: 128
  DopplerLevel: 0
  MinDistance: 10
  MaxDistance: 500
  Pan2D: 0
  rolloffMode: 0
  BypassEffects: 0
  BypassListenerEffects: 0
  BypassReverbZones: 0
  rolloffCustomCurve:
    serializedVersion: 2
    m_Curve:
    - serializedVersion: 3
      time: 0
      value: 1
      inSlope: 0
      outSlope: 0
      tangentMode: 0
      weightedMode: 0
      inWeight: 0.33333334
      outWeight: 0.33333334
    - serializedVersion: 3
      time: 1
      value: 0
      inSlope: 0
      outSlope: 0
      tangentMode: 0
      weightedMode: 0
      inWeight: 0.33333334
      outWeight: 0.33333334
    m_PreInfinity: 2
    m_PostInfinity: 2
    m_RotationOrder: 4
  panLevelCustomCurve:
    serializedVersion: 2
    m_Curve:
    - serializedVersion: 3
      time: 0
      value: 1
      inSlope: 0
      outSlope: 0
      tangentMode: 0
      weightedMode: 0
      inWeight: 0.33333334
      outWeight: 0.33333334
    m_PreInfinity: 2
    m_PostInfinity: 2
    m_RotationOrder: 4
  spreadCustomCurve:
    serializedVersion: 2
    m_Curve:
    - serializedVersion: 3
      time: 0
      value: 0
      inSlope: 0
      outSlope: 0
      tangentMode: 0
      weightedMode: 0
      inWeight: 0.33333334
      outWeight: 0.33333334
    m_PreInfinity: 2
    m_PostInfinity: 2
    m_RotationOrder: 4
  reverbZoneMixCustomCurve:
    serializedVersion: 2
    m_Curve:
    - serializedVersion: 3
      time: 0
      value: 0
      inSlope: 0
      outSlope: 0
      tangentMode: 0
      weightedMode: 0
      inWeight: 0.33333334
      outWeight: 0.33333334
    m_PreInfinity: 2
    m_PostInfinity: 2
    m_RotationOrder: 4
--- !u!54 &4551731458879063596
Rigidbody:
  m_ObjectHideFlags: 0
  m_CorrespondingSourceObject: {fileID: 0}
  m_PrefabInstance: {fileID: 0}
  m_PrefabAsset: {fileID: 0}
  m_GameObject: {fileID: 5735303576996129545}
  serializedVersion: 2
  m_Mass: 100
  m_Drag: 1
  m_AngularDrag: 0.05
  m_UseGravity: 0
  m_IsKinematic: 0
  m_Interpolate: 0
  m_Constraints: 0
  m_CollisionDetection: 0
--- !u!64 &333237055987590284
MeshCollider:
  m_ObjectHideFlags: 0
  m_CorrespondingSourceObject: {fileID: 0}
  m_PrefabInstance: {fileID: 0}
  m_PrefabAsset: {fileID: 0}
  m_GameObject: {fileID: 7946974867450497070}
  m_Material: {fileID: 0}
  m_IsTrigger: 0
  m_Enabled: 1
  serializedVersion: 3
  m_Convex: 1
  m_CookingOptions: 14
  m_Mesh: {fileID: 3733877963792725186, guid: cc3d5a73d5e4cf2498bffd1c3c5ad691, type: 3}
--- !u!1001 &78178210075302623
PrefabInstance:
  m_ObjectHideFlags: 0
  serializedVersion: 2
  m_Modification:
    m_TransformParent: {fileID: 5735303576996129542}
    m_Modifications:
    - target: {fileID: 8859325134526316886, guid: 7891e76a0513e884ba6744665d8f298f,
        type: 3}
      propertyPath: m_Name
      value: Engine
      objectReference: {fileID: 0}
    - target: {fileID: 8859325134526316886, guid: 7891e76a0513e884ba6744665d8f298f,
        type: 3}
      propertyPath: m_Layer
      value: 9
      objectReference: {fileID: 0}
    - target: {fileID: 8859325134526316875, guid: 7891e76a0513e884ba6744665d8f298f,
        type: 3}
      propertyPath: m_LocalPosition.x
      value: -0.258
      objectReference: {fileID: 0}
    - target: {fileID: 8859325134526316875, guid: 7891e76a0513e884ba6744665d8f298f,
        type: 3}
      propertyPath: m_LocalPosition.y
      value: 0.176
      objectReference: {fileID: 0}
    - target: {fileID: 8859325134526316875, guid: 7891e76a0513e884ba6744665d8f298f,
        type: 3}
      propertyPath: m_LocalPosition.z
      value: -1.097
      objectReference: {fileID: 0}
    - target: {fileID: 8859325134526316875, guid: 7891e76a0513e884ba6744665d8f298f,
        type: 3}
      propertyPath: m_LocalRotation.x
      value: 0
      objectReference: {fileID: 0}
    - target: {fileID: 8859325134526316875, guid: 7891e76a0513e884ba6744665d8f298f,
        type: 3}
      propertyPath: m_LocalRotation.y
      value: 0
      objectReference: {fileID: 0}
    - target: {fileID: 8859325134526316875, guid: 7891e76a0513e884ba6744665d8f298f,
        type: 3}
      propertyPath: m_LocalRotation.z
      value: 0
      objectReference: {fileID: 0}
    - target: {fileID: 8859325134526316875, guid: 7891e76a0513e884ba6744665d8f298f,
        type: 3}
      propertyPath: m_LocalRotation.w
      value: 1
      objectReference: {fileID: 0}
    - target: {fileID: 8859325134526316875, guid: 7891e76a0513e884ba6744665d8f298f,
        type: 3}
      propertyPath: m_RootOrder
      value: 3
      objectReference: {fileID: 0}
    - target: {fileID: 8859325134526316875, guid: 7891e76a0513e884ba6744665d8f298f,
        type: 3}
      propertyPath: m_LocalEulerAnglesHint.x
      value: 0
      objectReference: {fileID: 0}
    - target: {fileID: 8859325134526316875, guid: 7891e76a0513e884ba6744665d8f298f,
        type: 3}
      propertyPath: m_LocalEulerAnglesHint.y
      value: 0
      objectReference: {fileID: 0}
    - target: {fileID: 8859325134526316875, guid: 7891e76a0513e884ba6744665d8f298f,
        type: 3}
      propertyPath: m_LocalEulerAnglesHint.z
      value: 0
      objectReference: {fileID: 0}
    - target: {fileID: 8859325134526316875, guid: 7891e76a0513e884ba6744665d8f298f,
        type: 3}
      propertyPath: m_LocalScale.x
      value: 0.14456421
      objectReference: {fileID: 0}
    - target: {fileID: 8859325134526316875, guid: 7891e76a0513e884ba6744665d8f298f,
        type: 3}
      propertyPath: m_LocalScale.y
      value: 0.04869188
      objectReference: {fileID: 0}
    - target: {fileID: 8859325134526316875, guid: 7891e76a0513e884ba6744665d8f298f,
        type: 3}
      propertyPath: m_LocalScale.z
      value: 0.05113772
      objectReference: {fileID: 0}
    - target: {fileID: 8859325134526316872, guid: 7891e76a0513e884ba6744665d8f298f,
        type: 3}
      propertyPath: ShapeModule.type
      value: 16
      objectReference: {fileID: 0}
    - target: {fileID: 8859325134526316872, guid: 7891e76a0513e884ba6744665d8f298f,
        type: 3}
      propertyPath: ShapeModule.radiusThickness
      value: 1
      objectReference: {fileID: 0}
    - target: {fileID: 8859325134526316872, guid: 7891e76a0513e884ba6744665d8f298f,
        type: 3}
      propertyPath: moveWithTransform
      value: 0
      objectReference: {fileID: 0}
    - target: {fileID: 8859325134526316872, guid: 7891e76a0513e884ba6744665d8f298f,
        type: 3}
      propertyPath: InitialModule.startSpeed.scalar
      value: -2
      objectReference: {fileID: 0}
    m_RemovedComponents: []
  m_SourcePrefab: {fileID: 100100000, guid: 7891e76a0513e884ba6744665d8f298f, type: 3}
--- !u!4 &8928135502039047060 stripped
Transform:
  m_CorrespondingSourceObject: {fileID: 8859325134526316875, guid: 7891e76a0513e884ba6744665d8f298f,
    type: 3}
  m_PrefabInstance: {fileID: 78178210075302623}
  m_PrefabAsset: {fileID: 0}
--- !u!1001 &79318780005890713
PrefabInstance:
  m_ObjectHideFlags: 0
  serializedVersion: 2
  m_Modification:
    m_TransformParent: {fileID: 5735303576996129542}
    m_Modifications:
    - target: {fileID: 8859325134526316886, guid: 7891e76a0513e884ba6744665d8f298f,
        type: 3}
      propertyPath: m_Name
      value: EngineTrail
      objectReference: {fileID: 0}
    - target: {fileID: 8859325134526316886, guid: 7891e76a0513e884ba6744665d8f298f,
        type: 3}
      propertyPath: m_Layer
      value: 9
      objectReference: {fileID: 0}
    - target: {fileID: 8859325134526316875, guid: 7891e76a0513e884ba6744665d8f298f,
        type: 3}
      propertyPath: m_LocalPosition.x
      value: -0.258
      objectReference: {fileID: 0}
    - target: {fileID: 8859325134526316875, guid: 7891e76a0513e884ba6744665d8f298f,
        type: 3}
      propertyPath: m_LocalPosition.y
      value: 0.176
      objectReference: {fileID: 0}
    - target: {fileID: 8859325134526316875, guid: 7891e76a0513e884ba6744665d8f298f,
        type: 3}
      propertyPath: m_LocalPosition.z
      value: -1.097
      objectReference: {fileID: 0}
    - target: {fileID: 8859325134526316875, guid: 7891e76a0513e884ba6744665d8f298f,
        type: 3}
      propertyPath: m_LocalRotation.x
      value: 0
      objectReference: {fileID: 0}
    - target: {fileID: 8859325134526316875, guid: 7891e76a0513e884ba6744665d8f298f,
        type: 3}
      propertyPath: m_LocalRotation.y
      value: 0
      objectReference: {fileID: 0}
    - target: {fileID: 8859325134526316875, guid: 7891e76a0513e884ba6744665d8f298f,
        type: 3}
      propertyPath: m_LocalRotation.z
      value: 0
      objectReference: {fileID: 0}
    - target: {fileID: 8859325134526316875, guid: 7891e76a0513e884ba6744665d8f298f,
        type: 3}
      propertyPath: m_LocalRotation.w
      value: 1
      objectReference: {fileID: 0}
    - target: {fileID: 8859325134526316875, guid: 7891e76a0513e884ba6744665d8f298f,
        type: 3}
      propertyPath: m_RootOrder
      value: 0
      objectReference: {fileID: 0}
    - target: {fileID: 8859325134526316875, guid: 7891e76a0513e884ba6744665d8f298f,
        type: 3}
      propertyPath: m_LocalEulerAnglesHint.x
      value: 0
      objectReference: {fileID: 0}
    - target: {fileID: 8859325134526316875, guid: 7891e76a0513e884ba6744665d8f298f,
        type: 3}
      propertyPath: m_LocalEulerAnglesHint.y
      value: 0
      objectReference: {fileID: 0}
    - target: {fileID: 8859325134526316875, guid: 7891e76a0513e884ba6744665d8f298f,
        type: 3}
      propertyPath: m_LocalEulerAnglesHint.z
      value: 0
      objectReference: {fileID: 0}
    - target: {fileID: 8859325134526316875, guid: 7891e76a0513e884ba6744665d8f298f,
        type: 3}
      propertyPath: m_LocalScale.x
      value: 0.1304378
      objectReference: {fileID: 0}
    - target: {fileID: 8859325134526316875, guid: 7891e76a0513e884ba6744665d8f298f,
        type: 3}
      propertyPath: m_LocalScale.y
      value: 0.043933846
      objectReference: {fileID: 0}
    - target: {fileID: 8859325134526316875, guid: 7891e76a0513e884ba6744665d8f298f,
        type: 3}
      propertyPath: m_LocalScale.z
      value: 0.046140686
      objectReference: {fileID: 0}
    - target: {fileID: 8859325134526316872, guid: 7891e76a0513e884ba6744665d8f298f,
        type: 3}
      propertyPath: ShapeModule.type
      value: 5
      objectReference: {fileID: 0}
    - target: {fileID: 8859325134526316872, guid: 7891e76a0513e884ba6744665d8f298f,
        type: 3}
      propertyPath: ShapeModule.radiusThickness
      value: 1
      objectReference: {fileID: 0}
    m_RemovedComponents: []
  m_SourcePrefab: {fileID: 100100000, guid: 7891e76a0513e884ba6744665d8f298f, type: 3}
--- !u!4 &8929346443939232722 stripped
Transform:
  m_CorrespondingSourceObject: {fileID: 8859325134526316875, guid: 7891e76a0513e884ba6744665d8f298f,
    type: 3}
  m_PrefabInstance: {fileID: 79318780005890713}
  m_PrefabAsset: {fileID: 0}
--- !u!1001 &584750619226283512
PrefabInstance:
  m_ObjectHideFlags: 0
  serializedVersion: 2
  m_Modification:
    m_TransformParent: {fileID: 5735303576996129542}
    m_Modifications:
    - target: {fileID: 8859325134526316886, guid: 7891e76a0513e884ba6744665d8f298f,
        type: 3}
      propertyPath: m_Name
      value: Engine (2)
      objectReference: {fileID: 0}
    - target: {fileID: 8859325134526316886, guid: 7891e76a0513e884ba6744665d8f298f,
        type: 3}
      propertyPath: m_Layer
      value: 9
      objectReference: {fileID: 0}
    - target: {fileID: 8859325134526316875, guid: 7891e76a0513e884ba6744665d8f298f,
        type: 3}
      propertyPath: m_LocalPosition.x
      value: -0.258
      objectReference: {fileID: 0}
    - target: {fileID: 8859325134526316875, guid: 7891e76a0513e884ba6744665d8f298f,
        type: 3}
      propertyPath: m_LocalPosition.y
      value: -0.174
      objectReference: {fileID: 0}
    - target: {fileID: 8859325134526316875, guid: 7891e76a0513e884ba6744665d8f298f,
        type: 3}
      propertyPath: m_LocalPosition.z
      value: -1.097
      objectReference: {fileID: 0}
    - target: {fileID: 8859325134526316875, guid: 7891e76a0513e884ba6744665d8f298f,
        type: 3}
      propertyPath: m_LocalRotation.x
      value: 0
      objectReference: {fileID: 0}
    - target: {fileID: 8859325134526316875, guid: 7891e76a0513e884ba6744665d8f298f,
        type: 3}
      propertyPath: m_LocalRotation.y
      value: 0
      objectReference: {fileID: 0}
    - target: {fileID: 8859325134526316875, guid: 7891e76a0513e884ba6744665d8f298f,
        type: 3}
      propertyPath: m_LocalRotation.z
      value: 0
      objectReference: {fileID: 0}
    - target: {fileID: 8859325134526316875, guid: 7891e76a0513e884ba6744665d8f298f,
        type: 3}
      propertyPath: m_LocalRotation.w
      value: 1
      objectReference: {fileID: 0}
    - target: {fileID: 8859325134526316875, guid: 7891e76a0513e884ba6744665d8f298f,
        type: 3}
      propertyPath: m_RootOrder
      value: 7
      objectReference: {fileID: 0}
    - target: {fileID: 8859325134526316875, guid: 7891e76a0513e884ba6744665d8f298f,
        type: 3}
      propertyPath: m_LocalEulerAnglesHint.x
      value: 0
      objectReference: {fileID: 0}
    - target: {fileID: 8859325134526316875, guid: 7891e76a0513e884ba6744665d8f298f,
        type: 3}
      propertyPath: m_LocalEulerAnglesHint.y
      value: 0
      objectReference: {fileID: 0}
    - target: {fileID: 8859325134526316875, guid: 7891e76a0513e884ba6744665d8f298f,
        type: 3}
      propertyPath: m_LocalEulerAnglesHint.z
      value: 0
      objectReference: {fileID: 0}
    - target: {fileID: 8859325134526316875, guid: 7891e76a0513e884ba6744665d8f298f,
        type: 3}
      propertyPath: m_LocalScale.x
      value: 0.14456421
      objectReference: {fileID: 0}
    - target: {fileID: 8859325134526316875, guid: 7891e76a0513e884ba6744665d8f298f,
        type: 3}
      propertyPath: m_LocalScale.y
      value: 0.04869188
      objectReference: {fileID: 0}
    - target: {fileID: 8859325134526316875, guid: 7891e76a0513e884ba6744665d8f298f,
        type: 3}
      propertyPath: m_LocalScale.z
      value: 0.05113772
      objectReference: {fileID: 0}
    - target: {fileID: 8859325134526316872, guid: 7891e76a0513e884ba6744665d8f298f,
        type: 3}
      propertyPath: ShapeModule.type
      value: 16
      objectReference: {fileID: 0}
    - target: {fileID: 8859325134526316872, guid: 7891e76a0513e884ba6744665d8f298f,
        type: 3}
      propertyPath: ShapeModule.radiusThickness
      value: 1
      objectReference: {fileID: 0}
    - target: {fileID: 8859325134526316872, guid: 7891e76a0513e884ba6744665d8f298f,
        type: 3}
      propertyPath: moveWithTransform
      value: 0
      objectReference: {fileID: 0}
    - target: {fileID: 8859325134526316872, guid: 7891e76a0513e884ba6744665d8f298f,
        type: 3}
      propertyPath: InitialModule.startSpeed.scalar
      value: -2
      objectReference: {fileID: 0}
    m_RemovedComponents: []
  m_SourcePrefab: {fileID: 100100000, guid: 7891e76a0513e884ba6744665d8f298f, type: 3}
--- !u!4 &8282074438867721395 stripped
Transform:
  m_CorrespondingSourceObject: {fileID: 8859325134526316875, guid: 7891e76a0513e884ba6744665d8f298f,
    type: 3}
  m_PrefabInstance: {fileID: 584750619226283512}
  m_PrefabAsset: {fileID: 0}
--- !u!1001 &2119153215111385383
PrefabInstance:
  m_ObjectHideFlags: 0
  serializedVersion: 2
  m_Modification:
    m_TransformParent: {fileID: 5735303576996129542}
    m_Modifications:
    - target: {fileID: -927199367670048503, guid: cc3d5a73d5e4cf2498bffd1c3c5ad691,
        type: 3}
      propertyPath: m_Name
      value: F3_Yellow
      objectReference: {fileID: 0}
    - target: {fileID: -927199367670048503, guid: cc3d5a73d5e4cf2498bffd1c3c5ad691,
        type: 3}
      propertyPath: m_Layer
      value: 9
      objectReference: {fileID: 0}
    - target: {fileID: -4216859302048453862, guid: cc3d5a73d5e4cf2498bffd1c3c5ad691,
        type: 3}
      propertyPath: m_LocalPosition.x
      value: 0
      objectReference: {fileID: 0}
    - target: {fileID: -4216859302048453862, guid: cc3d5a73d5e4cf2498bffd1c3c5ad691,
        type: 3}
      propertyPath: m_LocalPosition.y
      value: 0
      objectReference: {fileID: 0}
    - target: {fileID: -4216859302048453862, guid: cc3d5a73d5e4cf2498bffd1c3c5ad691,
        type: 3}
      propertyPath: m_LocalPosition.z
      value: 0
      objectReference: {fileID: 0}
    - target: {fileID: -4216859302048453862, guid: cc3d5a73d5e4cf2498bffd1c3c5ad691,
        type: 3}
      propertyPath: m_LocalRotation.x
      value: 0
      objectReference: {fileID: 0}
    - target: {fileID: -4216859302048453862, guid: cc3d5a73d5e4cf2498bffd1c3c5ad691,
        type: 3}
      propertyPath: m_LocalRotation.y
      value: 0
      objectReference: {fileID: 0}
    - target: {fileID: -4216859302048453862, guid: cc3d5a73d5e4cf2498bffd1c3c5ad691,
        type: 3}
      propertyPath: m_LocalRotation.z
      value: 0
      objectReference: {fileID: 0}
    - target: {fileID: -4216859302048453862, guid: cc3d5a73d5e4cf2498bffd1c3c5ad691,
        type: 3}
      propertyPath: m_LocalRotation.w
      value: 1
      objectReference: {fileID: 0}
    - target: {fileID: -4216859302048453862, guid: cc3d5a73d5e4cf2498bffd1c3c5ad691,
        type: 3}
      propertyPath: m_RootOrder
      value: 2
      objectReference: {fileID: 0}
    - target: {fileID: -4216859302048453862, guid: cc3d5a73d5e4cf2498bffd1c3c5ad691,
        type: 3}
      propertyPath: m_LocalEulerAnglesHint.x
      value: 0
      objectReference: {fileID: 0}
    - target: {fileID: -4216859302048453862, guid: cc3d5a73d5e4cf2498bffd1c3c5ad691,
        type: 3}
      propertyPath: m_LocalEulerAnglesHint.y
      value: 0
      objectReference: {fileID: 0}
    - target: {fileID: -4216859302048453862, guid: cc3d5a73d5e4cf2498bffd1c3c5ad691,
        type: 3}
      propertyPath: m_LocalEulerAnglesHint.z
      value: 0
      objectReference: {fileID: 0}
    - target: {fileID: -4216859302048453862, guid: cc3d5a73d5e4cf2498bffd1c3c5ad691,
        type: 3}
      propertyPath: m_LocalScale.x
      value: 0.02
      objectReference: {fileID: 0}
    - target: {fileID: -4216859302048453862, guid: cc3d5a73d5e4cf2498bffd1c3c5ad691,
        type: 3}
      propertyPath: m_LocalScale.y
      value: 0.02
      objectReference: {fileID: 0}
    - target: {fileID: -4216859302048453862, guid: cc3d5a73d5e4cf2498bffd1c3c5ad691,
        type: 3}
      propertyPath: m_LocalScale.z
      value: 0.02
      objectReference: {fileID: 0}
    m_RemovedComponents: []
  m_SourcePrefab: {fileID: 100100000, guid: cc3d5a73d5e4cf2498bffd1c3c5ad691, type: 3}
--- !u!1 &7946974867450497070 stripped
GameObject:
  m_CorrespondingSourceObject: {fileID: -927199367670048503, guid: cc3d5a73d5e4cf2498bffd1c3c5ad691,
    type: 3}
  m_PrefabInstance: {fileID: 2119153215111385383}
  m_PrefabAsset: {fileID: 0}
--- !u!4 &6346146170390116925 stripped
Transform:
  m_CorrespondingSourceObject: {fileID: -4216859302048453862, guid: cc3d5a73d5e4cf2498bffd1c3c5ad691,
    type: 3}
  m_PrefabInstance: {fileID: 2119153215111385383}
  m_PrefabAsset: {fileID: 0}
--- !u!1001 &3334138435976353902
PrefabInstance:
  m_ObjectHideFlags: 0
  serializedVersion: 2
  m_Modification:
    m_TransformParent: {fileID: 5735303576996129542}
    m_Modifications:
    - target: {fileID: 8859325134526316886, guid: 7891e76a0513e884ba6744665d8f298f,
        type: 3}
      propertyPath: m_Name
      value: EngineTrail (3)
      objectReference: {fileID: 0}
    - target: {fileID: 8859325134526316886, guid: 7891e76a0513e884ba6744665d8f298f,
        type: 3}
      propertyPath: m_Layer
      value: 9
      objectReference: {fileID: 0}
    - target: {fileID: 8859325134526316875, guid: 7891e76a0513e884ba6744665d8f298f,
        type: 3}
      propertyPath: m_LocalPosition.x
      value: 0.265
      objectReference: {fileID: 0}
    - target: {fileID: 8859325134526316875, guid: 7891e76a0513e884ba6744665d8f298f,
        type: 3}
      propertyPath: m_LocalPosition.y
      value: -0.174
      objectReference: {fileID: 0}
    - target: {fileID: 8859325134526316875, guid: 7891e76a0513e884ba6744665d8f298f,
        type: 3}
      propertyPath: m_LocalPosition.z
      value: -1.097
      objectReference: {fileID: 0}
    - target: {fileID: 8859325134526316875, guid: 7891e76a0513e884ba6744665d8f298f,
        type: 3}
      propertyPath: m_LocalRotation.x
      value: 0
      objectReference: {fileID: 0}
    - target: {fileID: 8859325134526316875, guid: 7891e76a0513e884ba6744665d8f298f,
        type: 3}
      propertyPath: m_LocalRotation.y
      value: 0
      objectReference: {fileID: 0}
    - target: {fileID: 8859325134526316875, guid: 7891e76a0513e884ba6744665d8f298f,
        type: 3}
      propertyPath: m_LocalRotation.z
      value: 0
      objectReference: {fileID: 0}
    - target: {fileID: 8859325134526316875, guid: 7891e76a0513e884ba6744665d8f298f,
        type: 3}
      propertyPath: m_LocalRotation.w
      value: 1
      objectReference: {fileID: 0}
    - target: {fileID: 8859325134526316875, guid: 7891e76a0513e884ba6744665d8f298f,
        type: 3}
      propertyPath: m_RootOrder
      value: 8
      objectReference: {fileID: 0}
    - target: {fileID: 8859325134526316875, guid: 7891e76a0513e884ba6744665d8f298f,
        type: 3}
      propertyPath: m_LocalEulerAnglesHint.x
      value: 0
      objectReference: {fileID: 0}
    - target: {fileID: 8859325134526316875, guid: 7891e76a0513e884ba6744665d8f298f,
        type: 3}
      propertyPath: m_LocalEulerAnglesHint.y
      value: 0
      objectReference: {fileID: 0}
    - target: {fileID: 8859325134526316875, guid: 7891e76a0513e884ba6744665d8f298f,
        type: 3}
      propertyPath: m_LocalEulerAnglesHint.z
      value: 0
      objectReference: {fileID: 0}
    - target: {fileID: 8859325134526316875, guid: 7891e76a0513e884ba6744665d8f298f,
        type: 3}
      propertyPath: m_LocalScale.x
      value: 0.1304378
      objectReference: {fileID: 0}
    - target: {fileID: 8859325134526316875, guid: 7891e76a0513e884ba6744665d8f298f,
        type: 3}
      propertyPath: m_LocalScale.y
      value: 0.043933846
      objectReference: {fileID: 0}
    - target: {fileID: 8859325134526316875, guid: 7891e76a0513e884ba6744665d8f298f,
        type: 3}
      propertyPath: m_LocalScale.z
      value: 0.046140686
      objectReference: {fileID: 0}
    - target: {fileID: 8859325134526316872, guid: 7891e76a0513e884ba6744665d8f298f,
        type: 3}
      propertyPath: ShapeModule.type
      value: 5
      objectReference: {fileID: 0}
    - target: {fileID: 8859325134526316872, guid: 7891e76a0513e884ba6744665d8f298f,
        type: 3}
      propertyPath: ShapeModule.radiusThickness
      value: 1
      objectReference: {fileID: 0}
    m_RemovedComponents: []
  m_SourcePrefab: {fileID: 100100000, guid: 7891e76a0513e884ba6744665d8f298f, type: 3}
--- !u!4 &6104515476077500709 stripped
Transform:
  m_CorrespondingSourceObject: {fileID: 8859325134526316875, guid: 7891e76a0513e884ba6744665d8f298f,
    type: 3}
  m_PrefabInstance: {fileID: 3334138435976353902}
  m_PrefabAsset: {fileID: 0}
--- !u!1001 &3607993568391413599
PrefabInstance:
  m_ObjectHideFlags: 0
  serializedVersion: 2
  m_Modification:
    m_TransformParent: {fileID: 5735303576996129542}
    m_Modifications:
    - target: {fileID: 8859325134526316886, guid: 7891e76a0513e884ba6744665d8f298f,
        type: 3}
      propertyPath: m_Name
      value: EngineTrail (2)
      objectReference: {fileID: 0}
    - target: {fileID: 8859325134526316886, guid: 7891e76a0513e884ba6744665d8f298f,
        type: 3}
      propertyPath: m_Layer
      value: 9
      objectReference: {fileID: 0}
    - target: {fileID: 8859325134526316875, guid: 7891e76a0513e884ba6744665d8f298f,
        type: 3}
      propertyPath: m_LocalPosition.x
      value: -0.258
      objectReference: {fileID: 0}
    - target: {fileID: 8859325134526316875, guid: 7891e76a0513e884ba6744665d8f298f,
        type: 3}
      propertyPath: m_LocalPosition.y
      value: -0.174
      objectReference: {fileID: 0}
    - target: {fileID: 8859325134526316875, guid: 7891e76a0513e884ba6744665d8f298f,
        type: 3}
      propertyPath: m_LocalPosition.z
      value: -1.097
      objectReference: {fileID: 0}
    - target: {fileID: 8859325134526316875, guid: 7891e76a0513e884ba6744665d8f298f,
        type: 3}
      propertyPath: m_LocalRotation.x
      value: 0
      objectReference: {fileID: 0}
    - target: {fileID: 8859325134526316875, guid: 7891e76a0513e884ba6744665d8f298f,
        type: 3}
      propertyPath: m_LocalRotation.y
      value: 0
      objectReference: {fileID: 0}
    - target: {fileID: 8859325134526316875, guid: 7891e76a0513e884ba6744665d8f298f,
        type: 3}
      propertyPath: m_LocalRotation.z
      value: 0
      objectReference: {fileID: 0}
    - target: {fileID: 8859325134526316875, guid: 7891e76a0513e884ba6744665d8f298f,
        type: 3}
      propertyPath: m_LocalRotation.w
      value: 1
      objectReference: {fileID: 0}
    - target: {fileID: 8859325134526316875, guid: 7891e76a0513e884ba6744665d8f298f,
        type: 3}
      propertyPath: m_RootOrder
      value: 6
      objectReference: {fileID: 0}
    - target: {fileID: 8859325134526316875, guid: 7891e76a0513e884ba6744665d8f298f,
        type: 3}
      propertyPath: m_LocalEulerAnglesHint.x
      value: 0
      objectReference: {fileID: 0}
    - target: {fileID: 8859325134526316875, guid: 7891e76a0513e884ba6744665d8f298f,
        type: 3}
      propertyPath: m_LocalEulerAnglesHint.y
      value: 0
      objectReference: {fileID: 0}
    - target: {fileID: 8859325134526316875, guid: 7891e76a0513e884ba6744665d8f298f,
        type: 3}
      propertyPath: m_LocalEulerAnglesHint.z
      value: 0
      objectReference: {fileID: 0}
    - target: {fileID: 8859325134526316875, guid: 7891e76a0513e884ba6744665d8f298f,
        type: 3}
      propertyPath: m_LocalScale.x
      value: 0.1304378
      objectReference: {fileID: 0}
    - target: {fileID: 8859325134526316875, guid: 7891e76a0513e884ba6744665d8f298f,
        type: 3}
      propertyPath: m_LocalScale.y
      value: 0.043933846
      objectReference: {fileID: 0}
    - target: {fileID: 8859325134526316875, guid: 7891e76a0513e884ba6744665d8f298f,
        type: 3}
      propertyPath: m_LocalScale.z
      value: 0.046140686
      objectReference: {fileID: 0}
    - target: {fileID: 8859325134526316872, guid: 7891e76a0513e884ba6744665d8f298f,
        type: 3}
      propertyPath: ShapeModule.type
      value: 5
      objectReference: {fileID: 0}
    - target: {fileID: 8859325134526316872, guid: 7891e76a0513e884ba6744665d8f298f,
        type: 3}
      propertyPath: ShapeModule.radiusThickness
      value: 1
      objectReference: {fileID: 0}
    m_RemovedComponents: []
  m_SourcePrefab: {fileID: 100100000, guid: 7891e76a0513e884ba6744665d8f298f, type: 3}
--- !u!4 &5251353630014750228 stripped
Transform:
  m_CorrespondingSourceObject: {fileID: 8859325134526316875, guid: 7891e76a0513e884ba6744665d8f298f,
    type: 3}
  m_PrefabInstance: {fileID: 3607993568391413599}
  m_PrefabAsset: {fileID: 0}
--- !u!1001 &6026732015947514522
PrefabInstance:
  m_ObjectHideFlags: 0
  serializedVersion: 2
  m_Modification:
    m_TransformParent: {fileID: 5735303576996129542}
    m_Modifications:
    - target: {fileID: 8859325134526316886, guid: 7891e76a0513e884ba6744665d8f298f,
        type: 3}
      propertyPath: m_Name
      value: EngineTrail (1)
      objectReference: {fileID: 0}
    - target: {fileID: 8859325134526316886, guid: 7891e76a0513e884ba6744665d8f298f,
        type: 3}
      propertyPath: m_Layer
      value: 9
      objectReference: {fileID: 0}
    - target: {fileID: 8859325134526316875, guid: 7891e76a0513e884ba6744665d8f298f,
        type: 3}
      propertyPath: m_LocalPosition.x
      value: 0.265
      objectReference: {fileID: 0}
    - target: {fileID: 8859325134526316875, guid: 7891e76a0513e884ba6744665d8f298f,
        type: 3}
      propertyPath: m_LocalPosition.y
      value: 0.176
      objectReference: {fileID: 0}
    - target: {fileID: 8859325134526316875, guid: 7891e76a0513e884ba6744665d8f298f,
        type: 3}
      propertyPath: m_LocalPosition.z
      value: -1.097
      objectReference: {fileID: 0}
    - target: {fileID: 8859325134526316875, guid: 7891e76a0513e884ba6744665d8f298f,
        type: 3}
      propertyPath: m_LocalRotation.x
      value: 0
      objectReference: {fileID: 0}
    - target: {fileID: 8859325134526316875, guid: 7891e76a0513e884ba6744665d8f298f,
        type: 3}
      propertyPath: m_LocalRotation.y
      value: 0
      objectReference: {fileID: 0}
    - target: {fileID: 8859325134526316875, guid: 7891e76a0513e884ba6744665d8f298f,
        type: 3}
      propertyPath: m_LocalRotation.z
      value: 0
      objectReference: {fileID: 0}
    - target: {fileID: 8859325134526316875, guid: 7891e76a0513e884ba6744665d8f298f,
        type: 3}
      propertyPath: m_LocalRotation.w
      value: 1
      objectReference: {fileID: 0}
    - target: {fileID: 8859325134526316875, guid: 7891e76a0513e884ba6744665d8f298f,
        type: 3}
      propertyPath: m_RootOrder
      value: 4
      objectReference: {fileID: 0}
    - target: {fileID: 8859325134526316875, guid: 7891e76a0513e884ba6744665d8f298f,
        type: 3}
      propertyPath: m_LocalEulerAnglesHint.x
      value: 0
      objectReference: {fileID: 0}
    - target: {fileID: 8859325134526316875, guid: 7891e76a0513e884ba6744665d8f298f,
        type: 3}
      propertyPath: m_LocalEulerAnglesHint.y
      value: 0
      objectReference: {fileID: 0}
    - target: {fileID: 8859325134526316875, guid: 7891e76a0513e884ba6744665d8f298f,
        type: 3}
      propertyPath: m_LocalEulerAnglesHint.z
      value: 0
      objectReference: {fileID: 0}
    - target: {fileID: 8859325134526316875, guid: 7891e76a0513e884ba6744665d8f298f,
        type: 3}
      propertyPath: m_LocalScale.x
      value: 0.1304378
      objectReference: {fileID: 0}
    - target: {fileID: 8859325134526316875, guid: 7891e76a0513e884ba6744665d8f298f,
        type: 3}
      propertyPath: m_LocalScale.y
      value: 0.043933846
      objectReference: {fileID: 0}
    - target: {fileID: 8859325134526316875, guid: 7891e76a0513e884ba6744665d8f298f,
        type: 3}
      propertyPath: m_LocalScale.z
      value: 0.046140686
      objectReference: {fileID: 0}
    - target: {fileID: 8859325134526316872, guid: 7891e76a0513e884ba6744665d8f298f,
        type: 3}
      propertyPath: ShapeModule.type
      value: 5
      objectReference: {fileID: 0}
    - target: {fileID: 8859325134526316872, guid: 7891e76a0513e884ba6744665d8f298f,
        type: 3}
      propertyPath: ShapeModule.radiusThickness
      value: 1
      objectReference: {fileID: 0}
    m_RemovedComponents: []
  m_SourcePrefab: {fileID: 100100000, guid: 7891e76a0513e884ba6744665d8f298f, type: 3}
--- !u!4 &2977413248428999633 stripped
Transform:
  m_CorrespondingSourceObject: {fileID: 8859325134526316875, guid: 7891e76a0513e884ba6744665d8f298f,
    type: 3}
  m_PrefabInstance: {fileID: 6026732015947514522}
  m_PrefabAsset: {fileID: 0}
--- !u!1001 &6053134804186007242
PrefabInstance:
  m_ObjectHideFlags: 0
  serializedVersion: 2
  m_Modification:
    m_TransformParent: {fileID: 5735303576996129542}
    m_Modifications:
    - target: {fileID: 8859325134526316886, guid: 7891e76a0513e884ba6744665d8f298f,
        type: 3}
      propertyPath: m_Name
      value: Engine (1)
      objectReference: {fileID: 0}
    - target: {fileID: 8859325134526316886, guid: 7891e76a0513e884ba6744665d8f298f,
        type: 3}
      propertyPath: m_Layer
      value: 9
      objectReference: {fileID: 0}
    - target: {fileID: 8859325134526316875, guid: 7891e76a0513e884ba6744665d8f298f,
        type: 3}
      propertyPath: m_LocalPosition.x
      value: 0.265
      objectReference: {fileID: 0}
    - target: {fileID: 8859325134526316875, guid: 7891e76a0513e884ba6744665d8f298f,
        type: 3}
      propertyPath: m_LocalPosition.y
      value: 0.176
      objectReference: {fileID: 0}
    - target: {fileID: 8859325134526316875, guid: 7891e76a0513e884ba6744665d8f298f,
        type: 3}
      propertyPath: m_LocalPosition.z
      value: -1.097
      objectReference: {fileID: 0}
    - target: {fileID: 8859325134526316875, guid: 7891e76a0513e884ba6744665d8f298f,
        type: 3}
      propertyPath: m_LocalRotation.x
      value: 0
      objectReference: {fileID: 0}
    - target: {fileID: 8859325134526316875, guid: 7891e76a0513e884ba6744665d8f298f,
        type: 3}
      propertyPath: m_LocalRotation.y
      value: 0
      objectReference: {fileID: 0}
    - target: {fileID: 8859325134526316875, guid: 7891e76a0513e884ba6744665d8f298f,
        type: 3}
      propertyPath: m_LocalRotation.z
      value: 0
      objectReference: {fileID: 0}
    - target: {fileID: 8859325134526316875, guid: 7891e76a0513e884ba6744665d8f298f,
        type: 3}
      propertyPath: m_LocalRotation.w
      value: 1
      objectReference: {fileID: 0}
    - target: {fileID: 8859325134526316875, guid: 7891e76a0513e884ba6744665d8f298f,
        type: 3}
      propertyPath: m_RootOrder
      value: 5
      objectReference: {fileID: 0}
    - target: {fileID: 8859325134526316875, guid: 7891e76a0513e884ba6744665d8f298f,
        type: 3}
      propertyPath: m_LocalEulerAnglesHint.x
      value: 0
      objectReference: {fileID: 0}
    - target: {fileID: 8859325134526316875, guid: 7891e76a0513e884ba6744665d8f298f,
        type: 3}
      propertyPath: m_LocalEulerAnglesHint.y
      value: 0
      objectReference: {fileID: 0}
    - target: {fileID: 8859325134526316875, guid: 7891e76a0513e884ba6744665d8f298f,
        type: 3}
      propertyPath: m_LocalEulerAnglesHint.z
      value: 0
      objectReference: {fileID: 0}
    - target: {fileID: 8859325134526316875, guid: 7891e76a0513e884ba6744665d8f298f,
        type: 3}
      propertyPath: m_LocalScale.x
      value: 0.14456421
      objectReference: {fileID: 0}
    - target: {fileID: 8859325134526316875, guid: 7891e76a0513e884ba6744665d8f298f,
        type: 3}
      propertyPath: m_LocalScale.y
      value: 0.04869188
      objectReference: {fileID: 0}
    - target: {fileID: 8859325134526316875, guid: 7891e76a0513e884ba6744665d8f298f,
        type: 3}
      propertyPath: m_LocalScale.z
      value: 0.05113772
      objectReference: {fileID: 0}
    - target: {fileID: 8859325134526316872, guid: 7891e76a0513e884ba6744665d8f298f,
        type: 3}
      propertyPath: ShapeModule.type
      value: 16
      objectReference: {fileID: 0}
    - target: {fileID: 8859325134526316872, guid: 7891e76a0513e884ba6744665d8f298f,
        type: 3}
      propertyPath: ShapeModule.radiusThickness
      value: 1
      objectReference: {fileID: 0}
    - target: {fileID: 8859325134526316872, guid: 7891e76a0513e884ba6744665d8f298f,
        type: 3}
      propertyPath: moveWithTransform
      value: 0
      objectReference: {fileID: 0}
    - target: {fileID: 8859325134526316872, guid: 7891e76a0513e884ba6744665d8f298f,
        type: 3}
      propertyPath: InitialModule.startSpeed.scalar
      value: -2
      objectReference: {fileID: 0}
    m_RemovedComponents: []
  m_SourcePrefab: {fileID: 100100000, guid: 7891e76a0513e884ba6744665d8f298f, type: 3}
--- !u!4 &3383236096517080961 stripped
Transform:
  m_CorrespondingSourceObject: {fileID: 8859325134526316875, guid: 7891e76a0513e884ba6744665d8f298f,
    type: 3}
  m_PrefabInstance: {fileID: 6053134804186007242}
  m_PrefabAsset: {fileID: 0}
--- !u!1001 &8591338365999419515
PrefabInstance:
  m_ObjectHideFlags: 0
  serializedVersion: 2
  m_Modification:
    m_TransformParent: {fileID: 5735303576996129542}
    m_Modifications:
    - target: {fileID: 8859325134526316886, guid: 7891e76a0513e884ba6744665d8f298f,
        type: 3}
      propertyPath: m_Name
      value: Engine (3)
      objectReference: {fileID: 0}
    - target: {fileID: 8859325134526316886, guid: 7891e76a0513e884ba6744665d8f298f,
        type: 3}
      propertyPath: m_Layer
      value: 9
      objectReference: {fileID: 0}
    - target: {fileID: 8859325134526316875, guid: 7891e76a0513e884ba6744665d8f298f,
        type: 3}
      propertyPath: m_LocalPosition.x
      value: 0.265
      objectReference: {fileID: 0}
    - target: {fileID: 8859325134526316875, guid: 7891e76a0513e884ba6744665d8f298f,
        type: 3}
      propertyPath: m_LocalPosition.y
      value: -0.174
      objectReference: {fileID: 0}
    - target: {fileID: 8859325134526316875, guid: 7891e76a0513e884ba6744665d8f298f,
        type: 3}
      propertyPath: m_LocalPosition.z
      value: -1.097
      objectReference: {fileID: 0}
    - target: {fileID: 8859325134526316875, guid: 7891e76a0513e884ba6744665d8f298f,
        type: 3}
      propertyPath: m_LocalRotation.x
      value: 0
      objectReference: {fileID: 0}
    - target: {fileID: 8859325134526316875, guid: 7891e76a0513e884ba6744665d8f298f,
        type: 3}
      propertyPath: m_LocalRotation.y
      value: 0
      objectReference: {fileID: 0}
    - target: {fileID: 8859325134526316875, guid: 7891e76a0513e884ba6744665d8f298f,
        type: 3}
      propertyPath: m_LocalRotation.z
      value: 0
      objectReference: {fileID: 0}
    - target: {fileID: 8859325134526316875, guid: 7891e76a0513e884ba6744665d8f298f,
        type: 3}
      propertyPath: m_LocalRotation.w
      value: 1
      objectReference: {fileID: 0}
    - target: {fileID: 8859325134526316875, guid: 7891e76a0513e884ba6744665d8f298f,
        type: 3}
      propertyPath: m_RootOrder
      value: 9
      objectReference: {fileID: 0}
    - target: {fileID: 8859325134526316875, guid: 7891e76a0513e884ba6744665d8f298f,
        type: 3}
      propertyPath: m_LocalEulerAnglesHint.x
      value: 0
      objectReference: {fileID: 0}
    - target: {fileID: 8859325134526316875, guid: 7891e76a0513e884ba6744665d8f298f,
        type: 3}
      propertyPath: m_LocalEulerAnglesHint.y
      value: 0
      objectReference: {fileID: 0}
    - target: {fileID: 8859325134526316875, guid: 7891e76a0513e884ba6744665d8f298f,
        type: 3}
      propertyPath: m_LocalEulerAnglesHint.z
      value: 0
      objectReference: {fileID: 0}
    - target: {fileID: 8859325134526316875, guid: 7891e76a0513e884ba6744665d8f298f,
        type: 3}
      propertyPath: m_LocalScale.x
      value: 0.14456421
      objectReference: {fileID: 0}
    - target: {fileID: 8859325134526316875, guid: 7891e76a0513e884ba6744665d8f298f,
        type: 3}
      propertyPath: m_LocalScale.y
      value: 0.04869188
      objectReference: {fileID: 0}
    - target: {fileID: 8859325134526316875, guid: 7891e76a0513e884ba6744665d8f298f,
        type: 3}
      propertyPath: m_LocalScale.z
      value: 0.05113772
      objectReference: {fileID: 0}
    - target: {fileID: 8859325134526316872, guid: 7891e76a0513e884ba6744665d8f298f,
        type: 3}
      propertyPath: ShapeModule.type
      value: 16
      objectReference: {fileID: 0}
    - target: {fileID: 8859325134526316872, guid: 7891e76a0513e884ba6744665d8f298f,
        type: 3}
      propertyPath: ShapeModule.radiusThickness
      value: 1
      objectReference: {fileID: 0}
    - target: {fileID: 8859325134526316872, guid: 7891e76a0513e884ba6744665d8f298f,
        type: 3}
      propertyPath: moveWithTransform
      value: 0
      objectReference: {fileID: 0}
    - target: {fileID: 8859325134526316872, guid: 7891e76a0513e884ba6744665d8f298f,
        type: 3}
      propertyPath: InitialModule.startSpeed.scalar
      value: -2
      objectReference: {fileID: 0}
    m_RemovedComponents: []
  m_SourcePrefab: {fileID: 100100000, guid: 7891e76a0513e884ba6744665d8f298f, type: 3}
--- !u!4 &993103078371954992 stripped
Transform:
  m_CorrespondingSourceObject: {fileID: 8859325134526316875, guid: 7891e76a0513e884ba6744665d8f298f,
    type: 3}
  m_PrefabInstance: {fileID: 8591338365999419515}
  m_PrefabAsset: {fileID: 0}
